@article{draine1994discrete,
  title={Discrete-dipole approximation for scattering calculations},
  author={Draine, Bruce T and Flatau, Piotr J},
  journal={Josa a},
  volume={11},
  number={4},
  pages={1491--1499},
  year={1994},
  publisher={Optical Society of America}
}